@incollection {Beilinson-Bernstein-Deligne,
    AUTHOR = {Be\u{\i}linson, A. A. and Bernstein, J. and Deligne, P.},
     TITLE = {Faisceaux pervers},
 BOOKTITLE = {Analysis and topology on singular spaces, {I} ({L}uminy,
              1981)},
    SERIES = {Ast\'{e}risque},
    VOLUME = {100},
     PAGES = {5--171},
 PUBLISHER = {Soc. Math. France, Paris},
      YEAR = {1982},
   MRCLASS = {32C38},
  MRNUMBER = {751966},
}

%%%%%%%%%%%%%%%%%%%%%%%%%%%%%%%%%%%%%%%%%%%%%%%%%%%%%%%%%%%%%%%%%%%%%%%%%%%%%%%%

@book {Brown-1994,
    AUTHOR = {Brown, Kenneth S.},
     TITLE = {Cohomology of groups},
    SERIES = {Graduate Texts in Mathematics},
    VOLUME = {87},
      NOTE = {Corrected reprint of the 1982 original},
 PUBLISHER = {Springer-Verlag, New York},
      YEAR = {1994},
     PAGES = {x+306},
      ISBN = {0-387-90688-6},
   MRCLASS = {20J05 (20-02)},
  MRNUMBER = {1324339},
       url = {https://doi.org/10.1007/978-1-4684-9327-6},
       doi = {10.1007/978-1-4684-9327-6}
}

%%%%%%%%%%%%%%%%%%%%%%%%%%%%%%%%%%%%%%%%%%%%%%%%%%%%%%%%%%%%%%%%%%%%%%%%%%%%%%%%

@article {Conrad-Deligne-Nagata,
      author = {Conrad, Brian},
    fjournal = {Journal of the Ramanujan Mathematical Society},
        issn = {0970-1249},
     journal = {J. Ramanujan Math. Soc.},
    mrnumber = {2356346},
      number = {3},
       pages = {205--257},
       title = {Deligne's notes on {N}agata compactifications},
         url = {http://math.stanford.edu/~conrad/papers/nagatafinal.pdf},
      volume = {22},
        year = {2007},
}

%%%%%%%%%%%%%%%%%%%%%%%%%%%%%%%%%%%%%%%%%%%%%%%%%%%%%%%%%%%%%%%%%%%%%%%%%%%%%%%%

@article {Conrad-Deligne-Nagata-erratum,
      author = {Conrad, Brian},
    fjournal = {Journal of the Ramanujan Mathematical Society},
        issn = {0970-1249},
     journal = {J. Ramanujan Math. Soc.},
    mrnumber = {2599570},
      number = {4},
       pages = {427--428},
       title = {Erratum for ``{D}eligne's notes on {N}agata compactifications''},
      volume = {24},
        year = {2009},
}

%%%%%%%%%%%%%%%%%%%%%%%%%%%%%%%%%%%%%%%%%%%%%%%%%%%%%%%%%%%%%%%%%%%%%%%%%%%%%%%%

@article {Flach-Morin-2018,
    AUTHOR = {Flach, Matthias and Morin, Baptiste},
     TITLE = {Weil-\'{e}tale cohomology and zeta-values of proper regular
              arithmetic schemes},
   JOURNAL = {Doc. Math.},
  FJOURNAL = {Documenta Mathematica},
    VOLUME = {23},
      YEAR = {2018},
     PAGES = {1425--1560},
      ISSN = {1431-0635},
   MRCLASS = {14G10 (14F20 14F42)},
  MRNUMBER = {3874942},
       DOI = {10.25537/dm.2018v23.1425-1560},
       URL = {https://doi.org/10.25537/dm.2018v23.1425-1560},
}

%%%%%%%%%%%%%%%%%%%%%%%%%%%%%%%%%%%%%%%%%%%%%%%%%%%%%%%%%%%%%%%%%%%%%%%%%%%%%%%%

@article {Geisser-2004,
    AUTHOR = {Geisser, Thomas},
     TITLE = {Weil-\'{e}tale cohomology over finite fields},
   JOURNAL = {Math. Ann.},
  FJOURNAL = {Mathematische Annalen},
    VOLUME = {330},
      YEAR = {2004},
    NUMBER = {4},
     PAGES = {665--692},
      ISSN = {0025-5831},
   MRCLASS = {14F20 (11G25 14F42)},
  MRNUMBER = {2102307},
       DOI = {10.1007/s00208-004-0564-8},
       URL = {https://doi.org/10.1007/s00208-004-0564-8},
}

%%%%%%%%%%%%%%%%%%%%%%%%%%%%%%%%%%%%%%%%%%%%%%%%%%%%%%%%%%%%%%%%%%%%%%%%%%%%%%%%

@article {Geisser-2006,
    AUTHOR = {Geisser, Thomas},
     TITLE = {Arithmetic cohomology over finite fields and special values of
              {$\zeta$}-functions},
   JOURNAL = {Duke Math. J.},
  FJOURNAL = {Duke Mathematical Journal},
    VOLUME = {133},
      YEAR = {2006},
    NUMBER = {1},
     PAGES = {27--57},
      ISSN = {0012-7094},
   MRCLASS = {14F20 (11G25 14F42 14G10)},
  MRNUMBER = {2219269},
       DOI = {10.1215/S0012-7094-06-13312-4},
       URL = {https://doi.org/10.1215/S0012-7094-06-13312-4},
}

%%%%%%%%%%%%%%%%%%%%%%%%%%%%%%%%%%%%%%%%%%%%%%%%%%%%%%%%%%%%%%%%%%%%%%%%%%%%%%%%

@article {Geisser-2010,
    AUTHOR = {Geisser, Thomas},
     TITLE = {Duality via cycle complexes},
   JOURNAL = {Ann. of Math. (2)},
  FJOURNAL = {Annals of Mathematics. Second Series},
    VOLUME = {172},
      YEAR = {2010},
    NUMBER = {2},
     PAGES = {1095--1126},
      ISSN = {0003-486X},
   MRCLASS = {19E08 (14C15 14C25 14F05)},
  MRNUMBER = {2680487},
       DOI = {10.4007/annals.2010.172.1095},
       URL = {https://doi.org/10.4007/annals.2010.172.1095},
}

%%%%%%%%%%%%%%%%%%%%%%%%%%%%%%%%%%%%%%%%%%%%%%%%%%%%%%%%%%%%%%%%%%%%%%%%%%%%%%%%

@article {Geisser-Schmidt-2018,
    AUTHOR = {Geisser, Thomas H. and Schmidt, Alexander},
     TITLE = {Poitou-{T}ate duality for arithmetic schemes},
   JOURNAL = {Compos. Math.},
  FJOURNAL = {Compositio Mathematica},
    VOLUME = {154},
      YEAR = {2018},
    NUMBER = {9},
     PAGES = {2020--2044},
      ISSN = {0010-437X},
   MRCLASS = {14F20 (11F75 19E15)},
  MRNUMBER = {3867292},
       DOI = {10.1112/s0010437x18007340},
       URL = {https://doi.org/10.1112/s0010437x18007340},
}

%%%%%%%%%%%%%%%%%%%%%%%%%%%%%%%%%%%%%%%%%%%%%%%%%%%%%%%%%%%%%%%%%%%%%%%%%%%%%%%%

@book {Haberland-1978,
    AUTHOR = {Haberland, Klaus},
     TITLE = {Galois cohomology of algebraic number fields},
      NOTE = {With two appendices by Helmut Koch and Thomas Zink},
 PUBLISHER = {VEB Deutscher Verlag der Wissenschaften, Berlin},
      YEAR = {1978},
     PAGES = {145},
   MRCLASS = {12A60},
  MRNUMBER = {519872},
}

%%%%%%%%%%%%%%%%%%%%%%%%%%%%%%%%%%%%%%%%%%%%%%%%%%%%%%%%%%%%%%%%%%%%%%%%%%%%%%%%

@article {Knudsen-Mumford-1976,
    AUTHOR = {Knudsen, Finn Faye and Mumford, David},
     TITLE = {The projectivity of the moduli space of stable curves. {I}.
              {P}reliminaries on ``det'' and ``{D}iv''},
   JOURNAL = {Math. Scand.},
  FJOURNAL = {Mathematica Scandinavica},
    VOLUME = {39},
      YEAR = {1976},
    NUMBER = {1},
     PAGES = {19--55},
      ISSN = {0025-5521},
   MRCLASS = {14H10 (14C05 14F05)},
  MRNUMBER = {437541},
       DOI = {10.7146/math.scand.a-11642},
       URL = {https://doi.org/10.7146/math.scand.a-11642},
}

%%%%%%%%%%%%%%%%%%%%%%%%%%%%%%%%%%%%%%%%%%%%%%%%%%%%%%%%%%%%%%%%%%%%%%%%%%%%%%%%

@article {Lichtenbaum-2005,
    AUTHOR = {Lichtenbaum, Stephen},
     TITLE = {The {W}eil-\'{e}tale topology on schemes over finite fields},
   JOURNAL = {Compos. Math.},
  FJOURNAL = {Compositio Mathematica},
    VOLUME = {141},
      YEAR = {2005},
    NUMBER = {3},
     PAGES = {689--702},
      ISSN = {0010-437X},
   MRCLASS = {14F20 (14G15)},
  MRNUMBER = {2135283},
       DOI = {10.1112/S0010437X04001150},
       URL = {https://doi.org/10.1112/S0010437X04001150},
}

%%%%%%%%%%%%%%%%%%%%%%%%%%%%%%%%%%%%%%%%%%%%%%%%%%%%%%%%%%%%%%%%%%%%%%%%%%%%%%%%

@article {Lichtenbaum-2009-number-rings,
    AUTHOR = {Lichtenbaum, Stephen},
     TITLE = {The {W}eil-\'{e}tale topology for number rings},
   JOURNAL = {Ann. of Math. (2)},
  FJOURNAL = {Annals of Mathematics. Second Series},
    VOLUME = {170},
      YEAR = {2009},
    NUMBER = {2},
     PAGES = {657--683},
      ISSN = {0003-486X},
   MRCLASS = {14F20 (11R34 14G10 14G40)},
  MRNUMBER = {2552104},
       DOI = {10.4007/annals.2009.170.657},
       URL = {https://doi.org/10.4007/annals.2009.170.657},
}

%%%%%%%%%%%%%%%%%%%%%%%%%%%%%%%%%%%%%%%%%%%%%%%%%%%%%%%%%%%%%%%%%%%%%%%%%%%%%%%%

@incollection {Lichtenbaum-2009-Euler-char,
    AUTHOR = {Lichtenbaum, Stephen},
     TITLE = {Euler characteristics and special values of zeta-functions},
 BOOKTITLE = {Motives and algebraic cycles},
    SERIES = {Fields Inst. Commun.},
    VOLUME = {56},
     PAGES = {249--255},
 PUBLISHER = {Amer. Math. Soc., Providence, RI},
      YEAR = {2009},
   MRCLASS = {14G10 (14F20)},
  MRNUMBER = {2562461},
       DOI = {10.1090/fic/056},
       URL = {https://doi.org/10.1090/fic/056},
}

%%%%%%%%%%%%%%%%%%%%%%%%%%%%%%%%%%%%%%%%%%%%%%%%%%%%%%%%%%%%%%%%%%%%%%%%%%%%%%%%

@book {Milne-ADT,
    AUTHOR = {Milne, J. S.},
     TITLE = {Arithmetic duality theorems},
   EDITION = {Second},
 PUBLISHER = {BookSurge, LLC, Charleston, SC},
      YEAR = {2006},
     PAGES = {viii+339},
      ISBN = {1-4196-4274-X},
   MRCLASS = {14F20 (11G25 11G35 11R34 12G10)},
  MRNUMBER = {2261462},
       URL = {https://www.jmilne.org/math/Books/}
}

%%%%%%%%%%%%%%%%%%%%%%%%%%%%%%%%%%%%%%%%%%%%%%%%%%%%%%%%%%%%%%%%%%%%%%%%%%%%%%%%

@misc {Morin-these,
    AUTHOR = {Morin, Baptiste},
     TITLE = {Sur le topos Weil-étale d'un corps de nombres},
      YEAR = {2008},
      NOTE = {{PhD} thesis, {U}niversité {B}ordeaux {I}},
       URL = {https://www.math.u-bordeaux.fr/~bmorin/Thesis.pdf},
}

%%%%%%%%%%%%%%%%%%%%%%%%%%%%%%%%%%%%%%%%%%%%%%%%%%%%%%%%%%%%%%%%%%%%%%%%%%%%%%%%

@article {Morin-2014,
    AUTHOR = {Morin, Baptiste},
     TITLE = {Zeta functions of regular arithmetic schemes at {$s=0$}},
   JOURNAL = {Duke Math. J.},
  FJOURNAL = {Duke Mathematical Journal},
    VOLUME = {163},
      YEAR = {2014},
    NUMBER = {7},
     PAGES = {1263--1336},
      ISSN = {0012-7094},
   MRCLASS = {14F20 (11G40 14F42)},
  MRNUMBER = {3205726},
       DOI = {10.1215/00127094-2681387},
       URL = {https://doi.org/10.1215/00127094-2681387},
}

%%%%%%%%%%%%%%%%%%%%%%%%%%%%%%%%%%%%%%%%%%%%%%%%%%%%%%%%%%%%%%%%%%%%%%%%%%%%%%%%

@book {SGA1,
       editor = {Grothendieck, Alexander and Raynaud, Mich\`ele},
          key = {SGA~1},
     mrnumber = {2017446},
        pages = {xxii+447},
    publisher = {Springer-Verlag, Berlin-New York},
       series = {Lecture Notes in Mathematics, Vol. 224},
        title = {S{\'e}minaire de G{\'e}om{\'e}trie Alg{\'e}brique du {B}ois-{M}arie 1960--61 ({SGA}~4): Rev\^etements \'etales et groupe fondamental},
          url = {http://arxiv.org/abs/math/0206203},
         year = {1971},
}

%%%%%%%%%%%%%%%%%%%%%%%%%%%%%%%%%%%%%%%%%%%%%%%%%%%%%%%%%%%%%%%%%%%%%%%%%%%%%%%%

@book {SGA4,
       editor = {Artin, Michael and Grothendieck, Alexander and Verdier, Jean-Louis},
          key = {SGA~4},
     mrnumber = {0354652},
         note = {Avec la collaboration de {N}.~{B}ourbaki, {P}.~{D}eligne et {B}.~{S}aint-{D}onat},
    publisher = {Springer-Verlag, Berlin-New York},
       series = {Lecture Notes in Mathematics, Vol. 269, 270, 305},
        title = {S{\'e}minaire de G{\'e}om{\'e}trie Alg{\'e}brique du {B}ois-{M}arie 1963--1964 ({SGA}~4): {T}h\'eorie des topos et cohomologie \'etale des sch\'emas},
          url = {http://fabrice.orgogozo.perso.math.cnrs.fr/SGA4/},
         year = {1972--73},
}

%%%%%%%%%%%%%%%%%%%%%%%%%%%%%%%%%%%%%%%%%%%%%%%%%%%%%%%%%%%%%%%%%%%%%%%%%%%%%%%%

@book {SGA4-1-2,
       author = {Deligne, Pierre},
          doi = {10.1007%2FBFb0091516},
          key = {SGA~$4\frac{1}{2}$},
     mrnumber = {0463174},
         note = {S{\'e}minaire de G{\'e}om{\'e}trie Alg{\'e}brique du {B}ois-{M}arie {SGA}~4$\frac{1}{2}$, Avec la collaboration de {J}.~{F}.~{B}outot, {A}.~{G}rothendieck, {L}.~Illusie et {J}.~{L}.~{V}erdier},
        pages = {iv+312pp},
    publisher = {Springer-Verlag, Berlin-New York},
       series = {Lecture Notes in Mathematics, Vol. 569},
        title = {Cohomologie \'etale},
          url = {https://link.springer.com/book/10.1007%2FBFb0091516},
         year = {1977},
}

%%%%%%%%%%%%%%%%%%%%%%%%%%%%%%%%%%%%%%%%%%%%%%%%%%%%%%%%%%%%%%%%%%%%%%%%%%%%%%%%

@book {SGA5,
       editor = {Grothendieck, Alexander},
          key = {SGA~5},
     mrnumber = {0491704},
         note = {Avec la collaboration de I.~Bucur, C.~Houzel, L.~Illusie, J.-P.~Jouanolou et J.-P.~Serre},
        pages = {xii+484},
    publisher = {Springer-Verlag, Berlin-New York},
       series = {Lecture Notes in Mathematics, Vol. 589},
        title = {S{\'e}minaire de G{\'e}om{\'e}trie Alg{\'e}brique du {B}ois-{M}arie 1965--66 ({SGA}~5): {C}ohomologie $\ell$-adique et fonctions {$L$}},
          url = {http://library.msri.org/books/sga/},
         year = {1977},
}

%%%%%%%%%%%%%%%%%%%%%%%%%%%%%%%%%%%%%%%%%%%%%%%%%%%%%%%%%%%%%%%%%%%%%%%%%%%%%%%%

@book {SGA7,
       editor = {Grothendieck, Alexander and Deligne, Pierre and Katz, Nicholas},
          key = {SGA~7},
     mrnumber = {0354657},
         note = {Avec la collaboration de {M}.~{R}aynaud et {D}.{S}.~{R}im},
    publisher = {Springer-Verlag, Berlin-New York},
       series = {Lecture Notes in Mathematics, Vol. 288, 340},
        title = {S{\'e}minaire de G{\'e}om{\'e}trie Alg{\'e}brique du {B}ois-{M}arie 1967--69 ({SGA}~7): Groupes de monodromie en g\'eom\'etrie alg\'ebrique},
          url = {http://library.msri.org/books/sga/},
         year = {1972--73},
}

%%%%%%%%%%%%%%%%%%%%%%%%%%%%%%%%%%%%%%%%%%%%%%%%%%%%%%%%%%%%%%%%%%%%%%%%%%%%%%%%

@inproceedings {Serre-1965,
    AUTHOR = {Serre, Jean-Pierre},
     TITLE = {Zeta and {$L$} functions},
 BOOKTITLE = {Arithmetical {A}lgebraic {G}eometry ({P}roc. {C}onf. {P}urdue
              {U}niv., 1963)},
     PAGES = {82--92},
 PUBLISHER = {Harper \& Row, New York},
      YEAR = {1965},
   MRCLASS = {14.48},
  MRNUMBER = {0194396},
}

%%%%%%%%%%%%%%%%%%%%%%%%%%%%%%%%%%%%%%%%%%%%%%%%%%%%%%%%%%%%%%%%%%%%%%%%%%%%%%%%

@book {Weibel-1994,
    AUTHOR = {Weibel, Charles A.},
     TITLE = {An introduction to homological algebra},
    SERIES = {Cambridge Studies in Advanced Mathematics},
    VOLUME = {38},
 PUBLISHER = {Cambridge University Press, Cambridge},
      YEAR = {1994},
     PAGES = {xiv+450},
      ISBN = {0-521-43500-5; 0-521-55987-1},
   MRCLASS = {18-01 (16-01 17-01 20-01 55Uxx)},
  MRNUMBER = {1269324},
       DOI = {10.1017/CBO9781139644136},
       URL = {https://doi.org/10.1017/CBO9781139644136},
}

%%%%%%%%%%%%%%%%%%%%%%%%%%%%%%%%%%%%%%%%%%%%%%%%%%%%%%%%%%%%%%%%%%%%%%%%%%%%%%%%

@article {Verdier-thesis,
    AUTHOR = {Verdier, Jean-Louis},
     TITLE = {Des cat\'{e}gories d\'{e}riv\'{e}es des cat\'{e}gories ab\'{e}liennes},
      NOTE = {With a preface by Luc Illusie,
              Edited and with a note by Georges Maltsiniotis},
   JOURNAL = {Ast\'{e}risque},
  FJOURNAL = {Ast\'{e}risque},
    NUMBER = {239},
      YEAR = {1996},
     PAGES = {xii+253 pp. (1997)},
      ISSN = {0303-1179},
   MRCLASS = {18E30 (18-03 18E35)},
  MRNUMBER = {1453167},
       URL = {https://webusers.imj-prg.fr/~georges.maltsiniotis/jlv.html}
}
